%YAML 1.1
%TAG !u! tag:unity3d.com,2011:
--- !u!244 &-9144550983438284785
AudioMixerEffectController:
  m_ObjectHideFlags: 3
  m_CorrespondingSourceObject: {fileID: 0}
  m_PrefabInstance: {fileID: 0}
  m_PrefabAsset: {fileID: 0}
  m_Name: 
  m_EffectID: 18003b78b39e1ac40a97261039dd563c
  m_EffectName: Duck Volume
  m_MixLevel: b98e0009b4cdebd49812d6a2772c7d02
  m_Parameters:
  - m_ParameterName: Threshold
    m_GUID: 5374159bed70b6647a97896791559db1
  - m_ParameterName: Ratio
    m_GUID: 671c10ce3c0b31245aa3979c698af074
  - m_ParameterName: Attack Time
    m_GUID: 29d3c31b773937740a7f4810f44ffc02
  - m_ParameterName: Release Time
    m_GUID: b0d3c1cf8e3dc3841a2cc85e38cc2014
  - m_ParameterName: Make-up Gain
    m_GUID: 0b0d658804fca94498625627638615b7
  - m_ParameterName: Knee
    m_GUID: ff27f6f7af26e3a4f88558089283781a
  - m_ParameterName: Sidechain Mix
    m_GUID: 8a0dc50a1f455f94d82d546754772f44
  m_SendTarget: {fileID: 0}
  m_EnableWetMix: 0
  m_Bypass: 0
--- !u!244 &-8829476184096155262
AudioMixerEffectController:
  m_ObjectHideFlags: 3
  m_CorrespondingSourceObject: {fileID: 0}
  m_PrefabInstance: {fileID: 0}
  m_PrefabAsset: {fileID: 0}
  m_Name: 
  m_EffectID: 1f04cff97e834ce439c835b76efcdf61
  m_EffectName: Attenuation
  m_MixLevel: d1b181194093bad4093f96552f677c26
  m_Parameters: []
  m_SendTarget: {fileID: 0}
  m_EnableWetMix: 0
  m_Bypass: 0
--- !u!244 &-8825285617944842407
AudioMixerEffectController:
  m_ObjectHideFlags: 3
  m_CorrespondingSourceObject: {fileID: 0}
  m_PrefabInstance: {fileID: 0}
  m_PrefabAsset: {fileID: 0}
  m_Name: 
  m_EffectID: fb216e410309e6a4297a92f12c547593
  m_EffectName: Attenuation
  m_MixLevel: 015df49b461e3d243809464400c1b173
  m_Parameters: []
  m_SendTarget: {fileID: 0}
  m_EnableWetMix: 0
  m_Bypass: 0
--- !u!244 &-6272873666494069331
AudioMixerEffectController:
  m_ObjectHideFlags: 3
  m_CorrespondingSourceObject: {fileID: 0}
  m_PrefabInstance: {fileID: 0}
  m_PrefabAsset: {fileID: 0}
  m_Name: 
  m_EffectID: af3edd991cc6bcb4798a3ce63336b3bf
  m_EffectName: Duck Volume
  m_MixLevel: 93785f16d1e9b6b41a8c4a8199c3b5c2
  m_Parameters:
  - m_ParameterName: Threshold
    m_GUID: cb3ce51e5544eec49aa8bf75598b4b84
  - m_ParameterName: Ratio
    m_GUID: 5bf669fcc95b3b741a966cbe9162a13d
  - m_ParameterName: Attack Time
    m_GUID: 692e940ea1ff9af43afec7bc33773e2d
  - m_ParameterName: Release Time
    m_GUID: df0e261db1d813349b40efa30dc37fbc
  - m_ParameterName: Make-up Gain
    m_GUID: 6d39bdb8931f78842815edb111bad487
  - m_ParameterName: Knee
    m_GUID: 8cd20e840c605b64db9a61e151713f12
  - m_ParameterName: Sidechain Mix
    m_GUID: cf2a956a3a623e645b7fd6a1593eac57
  m_SendTarget: {fileID: 0}
  m_EnableWetMix: 0
  m_Bypass: 0
--- !u!244 &-6136977687219587027
AudioMixerEffectController:
  m_ObjectHideFlags: 3
  m_CorrespondingSourceObject: {fileID: 0}
  m_PrefabInstance: {fileID: 0}
  m_PrefabAsset: {fileID: 0}
  m_Name: 
  m_EffectID: 7256c80688a2b5a41a31f55478e0abda
  m_EffectName: Send
  m_MixLevel: f410cc2aacd20d64bb1d1b4e137190a6
  m_Parameters: []
  m_SendTarget: {fileID: 0}
  m_EnableWetMix: 0
  m_Bypass: 0
--- !u!243 &-5846102402471488920
AudioMixerGroupController:
  m_ObjectHideFlags: 0
  m_CorrespondingSourceObject: {fileID: 0}
  m_PrefabInstance: {fileID: 0}
  m_PrefabAsset: {fileID: 0}
  m_Name: Drum
  m_AudioMixer: {fileID: 24100000}
  m_GroupID: bd081a888afc14349ae7aaf9e08fae71
  m_Children: []
  m_Volume: d0c5177326f3b304d951992f6ba7efe8
  m_Pitch: 672209cea6b044b418d18555c152ec2b
  m_Send: 00000000000000000000000000000000
  m_Effects:
  - {fileID: -8825285617944842407}
  m_UserColorIndex: 0
  m_Mute: 0
  m_Solo: 0
  m_BypassEffects: 0
--- !u!241 &24100000
AudioMixerController:
  m_ObjectHideFlags: 0
  m_CorrespondingSourceObject: {fileID: 0}
  m_PrefabInstance: {fileID: 0}
  m_PrefabAsset: {fileID: 0}
  m_Name: NewAudioMixer
  m_OutputGroup: {fileID: 0}
  m_MasterGroup: {fileID: 24300002}
  m_Snapshots:
  - {fileID: 24500006}
  m_StartSnapshot: {fileID: 24500006}
  m_SuspendThreshold: -80
  m_EnableSuspend: 1
  m_UpdateMode: 0
  m_ExposedParameters:
  - guid: 4fbd44a56bfc1dd47b853e5e6569d98f
    name: lowpassFreq
  m_AudioMixerGroupViews:
  - guids:
    - f9e86f5b6f745cd40ba0606e10c21af9
    - 644afe555bcc98043b305cde46bec21f
    - b203a47c9edf3bd46b5510ad6e88f213
    - bd081a888afc14349ae7aaf9e08fae71
    - 99299cf6fed03d9429bc7d1d1af52ce9
    name: View
  m_CurrentViewIndex: 0
  m_TargetSnapshot: {fileID: 24500006}
--- !u!243 &24300002
AudioMixerGroupController:
  m_ObjectHideFlags: 0
  m_CorrespondingSourceObject: {fileID: 0}
  m_PrefabInstance: {fileID: 0}
  m_PrefabAsset: {fileID: 0}
  m_Name: Master
  m_AudioMixer: {fileID: 24100000}
  m_GroupID: f9e86f5b6f745cd40ba0606e10c21af9
  m_Children:
  - {fileID: 1881728134772752325}
  - {fileID: 8166667408523458533}
  - {fileID: -5846102402471488920}
  - {fileID: 8988816832235342534}
  m_Volume: 03f6b1b6830e455409abbc9cbf921a6a
  m_Pitch: d5d9038840e41054cba0e081be66809a
  m_Send: 00000000000000000000000000000000
  m_Effects:
  - {fileID: 24400004}
  - {fileID: 2107930660403395940}
  m_UserColorIndex: 0
  m_Mute: 0
  m_Solo: 0
  m_BypassEffects: 0
--- !u!244 &24400004
AudioMixerEffectController:
  m_ObjectHideFlags: 3
  m_CorrespondingSourceObject: {fileID: 0}
  m_PrefabInstance: {fileID: 0}
  m_PrefabAsset: {fileID: 0}
  m_Name: 
  m_EffectID: 3cf4a196d7eea01439dff63464cd5b3c
  m_EffectName: Attenuation
  m_MixLevel: 6b4d5521bdda401469dcdfa80bd466fa
  m_Parameters: []
  m_SendTarget: {fileID: 0}
  m_EnableWetMix: 0
  m_Bypass: 0
--- !u!245 &24500006
AudioMixerSnapshotController:
  m_ObjectHideFlags: 0
  m_CorrespondingSourceObject: {fileID: 0}
  m_PrefabInstance: {fileID: 0}
  m_PrefabAsset: {fileID: 0}
  m_Name: Snapshot
  m_AudioMixer: {fileID: 24100000}
  m_SnapshotID: 9a12ce7dc4e071b4f8f97dd0c2cc3e45
  m_FloatValues:
    cb9a68205198aa2449d8a4f8a758142f: 84.9
    2944d1a0451a2f74788e2e669b37c9b2: -12.3
    72925bd036e14d54195899c89fcf1d6c: 0.577
    73161a117e6523a429463e2bc245ed39: -2834
    14334fa16386fb84983ae225e567f766: 1057
    4a5f4f921feaa4c478e8065d781af78d: 5.87
    78da4ff2d3ceb96489fbf1d6afc7474b: 44
    08a01a03c72a05441a3e876cf88f597c: 0.037
    ef8a12634c2b207418f21b1680f86752: 2968
    9caaf273aa4873f49aae49efa1340213: 731
    4a0570b3745ff4c4b858034bf238f135: 0.438
    886a78149dec44b4aa6f0bbbb5609ab4: 1
    dcbf9a94450d60e438bd10239baea5bd: 66287
    33a4bc0504685d74dae6faa1d6b49a5c: 1.369
    31b385958fcc6c9449b1a567f039df77: 1
    4fbd44a56bfc1dd47b853e5e6569d98f: 22000
    ccf029f68278bc246958a1448b2e65cf: 0.0834
    b1b28cf64589d5d448870fe84f171136: 454
    f1194207863d80a408cad0d585a7290b: 1.076
    d5d9038840e41054cba0e081be66809a: 1
    dffdeca885c770240822ec7e49b8d839: -0
    00122539409a80648a6109ae61b924ee: 820
    ee0ab5992910b8d4bb284e64597725e6: -1173
    feaa3b9941f42b7499146e6ab27acbaa: 29
    88fa9ea9e4a2b69459713f6cfadfcc9f: 0.744
    bde3cada28873b147abab07bf189dfe8: -7088
    185390ab9e2f0c94eb0086a365689d18: 0.096
    245544fbf332389439e3af6036ba5c76: 0
    c17ae14cdda1f0341af18e1cea1f4b9c: 2.786
    43c9de1d2c947774fbf3bfea9cf08c8d: 4.3
    ac719f8d7f6162d489a04f61a3bb0688: 0.48700002
    8261838eed3dd794cb15b339f45ce418: -48.3
    38d4079ef968a2c47b6c34721699c5d8: 31.1
    77b6dbbe3721ef4499e2c14a02014924: 0.433
    89ddd4fed5290c34a9f3b934d38369b2: 6.88
    f9ae544f091da0e459125ccdfe007819: 8.24
    faa6c3bf3780e7f4085376e6c26e1f6d: 1.3
    f7c393efa33432e4b98ccad489c0fe2b: 5.208
    a38efdefb2ce67045963bdf335ad0faa: 0.196
  m_TransitionOverrides: {}
--- !u!244 &214002695580234247
AudioMixerEffectController:
  m_ObjectHideFlags: 3
  m_CorrespondingSourceObject: {fileID: 0}
  m_PrefabInstance: {fileID: 0}
  m_PrefabAsset: {fileID: 0}
  m_Name: 
  m_EffectID: 002ecb5664f5e2d4192b75f4f2db1a29
  m_EffectName: Attenuation
  m_MixLevel: f1a959120ee4dfb499bb4aa49149e540
  m_Parameters: []
  m_SendTarget: {fileID: 0}
  m_EnableWetMix: 0
  m_Bypass: 0
--- !u!243 &1881728134772752325
AudioMixerGroupController:
  m_ObjectHideFlags: 0
  m_CorrespondingSourceObject: {fileID: 0}
  m_PrefabInstance: {fileID: 0}
  m_PrefabAsset: {fileID: 0}
  m_Name: Guitar
  m_AudioMixer: {fileID: 24100000}
  m_GroupID: 644afe555bcc98043b305cde46bec21f
  m_Children: []
  m_Volume: 418b80bd92049c748b62c394b4aedba3
  m_Pitch: 3a372a03741bcf347b23dadbee1ce4ea
  m_Send: 00000000000000000000000000000000
  m_Effects:
  - {fileID: 214002695580234247}
  m_UserColorIndex: 0
  m_Mute: 0
  m_Solo: 0
  m_BypassEffects: 0
--- !u!244 &2107930660403395940
AudioMixerEffectController:
  m_ObjectHideFlags: 3
  m_CorrespondingSourceObject: {fileID: 0}
  m_PrefabInstance: {fileID: 0}
  m_PrefabAsset: {fileID: 0}
  m_Name: 
  m_EffectID: f0552f91bb5c4ff40ab1b0e9161e313c
  m_EffectName: Lowpass
  m_MixLevel: 69ed1d0d6ecef3a4a8d01f5f83538d4d
  m_Parameters:
  - m_ParameterName: Cutoff freq
    m_GUID: 4fbd44a56bfc1dd47b853e5e6569d98f
  - m_ParameterName: Resonance
    m_GUID: 31b385958fcc6c9449b1a567f039df77
  m_SendTarget: {fileID: 0}
  m_EnableWetMix: 0
  m_Bypass: 0
--- !u!244 &4287037352740236153
AudioMixerEffectController:
  m_ObjectHideFlags: 3
  m_CorrespondingSourceObject: {fileID: 0}
  m_PrefabInstance: {fileID: 0}
  m_PrefabAsset: {fileID: 0}
  m_Name: 
  m_EffectID: b936bef094c62ad45abdb63b0264c747
  m_EffectName: Echo
  m_MixLevel: 2e15de1b15ca4454d91c4a1a6deac4ad
  m_Parameters:
  - m_ParameterName: Delay
    m_GUID: 500298a3f33572f47b6a2612b455bca4
  - m_ParameterName: Decay
    m_GUID: 393498c43f58f894a89901750752c63f
  - m_ParameterName: Max channels
    m_GUID: d3eeecfedbd6f4e4183348c0a995ace0
  - m_ParameterName: Drymix
    m_GUID: b0360c4fe278b6b458910b3849281296
  - m_ParameterName: Wetmix
    m_GUID: 686c8ebc5cb737c488b0b4c29bd01e51
  m_SendTarget: {fileID: 0}
  m_EnableWetMix: 0
  m_Bypass: 0
--- !u!244 &4475399659468907546
AudioMixerEffectController:
  m_ObjectHideFlags: 3
  m_CorrespondingSourceObject: {fileID: 0}
  m_PrefabInstance: {fileID: 0}
  m_PrefabAsset: {fileID: 0}
  m_Name: 
  m_EffectID: 5f889c4ef0266b643ab761063a8c59c7
  m_EffectName: Normalize
  m_MixLevel: 5e478eb417eaaca40ac59afdd3f4c782
  m_Parameters:
  - m_ParameterName: Fade in time
    m_GUID: 7477ea7d6240e154bbaecb6b8a8f483c
  - m_ParameterName: Lowest volume
    m_GUID: c329c27ff839e7f40b9a743fbbea126d
  - m_ParameterName: Maximum amp
    m_GUID: e6d2ac2011eb71e4eab22974c3aaa9ba
  m_SendTarget: {fileID: 0}
  m_EnableWetMix: 0
  m_Bypass: 0
--- !u!244 &5465110883151437173
AudioMixerEffectController:
  m_ObjectHideFlags: 3
  m_CorrespondingSourceObject: {fileID: 0}
  m_PrefabInstance: {fileID: 0}
  m_PrefabAsset: {fileID: 0}
  m_Name: 
  m_EffectID: 414975d8b7a17a441a043ca2d686a4eb
  m_EffectName: Receive
  m_MixLevel: a17d87f1c070e2e40a7bdc748291abab
  m_Parameters: []
  m_SendTarget: {fileID: 0}
  m_EnableWetMix: 0
  m_Bypass: 0
--- !u!244 &6476563106470195258
AudioMixerEffectController:
  m_ObjectHideFlags: 3
  m_CorrespondingSourceObject: {fileID: 0}
  m_PrefabInstance: {fileID: 0}
  m_PrefabAsset: {fileID: 0}
  m_Name: 
  m_EffectID: 44c1575e5dcc95f4f9b9b5337d4d389d
  m_EffectName: Attenuation
  m_MixLevel: aa0c62a99f9cbab489a9bdc99a204b77
  m_Parameters: []
  m_SendTarget: {fileID: 0}
  m_EnableWetMix: 0
  m_Bypass: 0
--- !u!243 &8166667408523458533
AudioMixerGroupController:
  m_ObjectHideFlags: 0
  m_CorrespondingSourceObject: {fileID: 0}
  m_PrefabInstance: {fileID: 0}
  m_PrefabAsset: {fileID: 0}
  m_Name: Bass
  m_AudioMixer: {fileID: 24100000}
  m_GroupID: b203a47c9edf3bd46b5510ad6e88f213
  m_Children: []
  m_Volume: 23a92f6429ec39e41950ec0a3b59c1e2
  m_Pitch: 06138af6a5535d14397d6e8b75770bbc
  m_Send: 00000000000000000000000000000000
  m_Effects:
  - {fileID: 6476563106470195258}
  m_UserColorIndex: 0
  m_Mute: 0
  m_Solo: 0
  m_BypassEffects: 0
--- !u!243 &8988816832235342534
AudioMixerGroupController:
  m_ObjectHideFlags: 0
  m_CorrespondingSourceObject: {fileID: 0}
  m_PrefabInstance: {fileID: 0}
  m_PrefabAsset: {fileID: 0}
  m_Name: Synth
  m_AudioMixer: {fileID: 24100000}
  m_GroupID: 99299cf6fed03d9429bc7d1d1af52ce9
  m_Children: []
  m_Volume: 3772a644347e4ac48af1619002074faf
  m_Pitch: 4b9d39983b962a34aa258d439d82f168
  m_Send: 00000000000000000000000000000000
  m_Effects:
  - {fileID: -8829476184096155262}
  m_UserColorIndex: 0
  m_Mute: 0
  m_Solo: 0
  m_BypassEffects: 0
